% This file was created with JabRef 2.10.
% Encoding: UTF-8


@Book{jackson1981klassische,
  Title                    = {klassische Elektrodynamik},
  Author                   = {Jackson, John David},
  Publisher                = {Walter de Gruyter},
  Year                     = {1981}
}

@Article{maxwell1865viii,
  Title                    = {VIII. A dynamical theory of the electromagnetic field},
  Author                   = {Maxwell, James Clerk},
  Journal                  = {Philosophical transactions of the Royal Society of London},
  Year                     = {1865},
  Pages                    = {459--512},
  Volume                   = {155},

  Publisher                = {The Royal Society}
}

@InProceedings{Schberl2009NumericalMF,
  Title                    = {Numerical Methods for Maxwell Equations},
  Author                   = {Joachim Sch{\"o}berl},
  Year                     = {2009}
}

